@inproceedings{povey2011kaldi,
      title = {The Kaldi Speech Recognition Toolkit},
      author = {Povey, Daniel and Ghoshal, Arnab and Boulianne, Gilles and  Burget, Lukas and Glembek, Ondrej and Goel, Nagendra and  Hannemann, Mirko and Motlicek, Petr and Qian, Yanmin and  Schwarz, Petr and Silovsky, Jan and Stemmer, Georg and  Vesely, Karel},
      publisher = {IEEE Signal Processing Society},
      booktitle={IEEE 2011 workshop on automatic speech recognition and understanding},
      year = {2011},
      note = {IEEE Catalog No.: CFP11SRW-USB},
      url = {http://infoscience.epfl.ch/record/192584},
}

@misc{vosk,
  title={{Vosk Speech Recognition Toolkit}: {O}ffline speech recognition {API} for {A}ndroid, i{OS}, {R}aspberry {P}i and servers with {P}ython, {J}ava, {C\#} and {N}ode},
  author={Shmyrev, Nickolay V. and other contributors},
  year={2020},
  howpublished={\url{https://github.com/alphacep/vosk-api}}
}

@misc{pycall_jl,
  title={{PyCall.jl}: {P}ackage to call {P}ython functions from the {J}ulia language},
  author={Johnson, Steven G and contributors},
  year={2022},
  howpublished={\url{https://github.com/JuliaPy/PyCall.jl}}
}

@misc{conda_jl,
  title={{Conda.jl}: {C}onda managing {J}ulia binary dependencies},
  author={Fraux, Guillaume},
  year={2015},
  howpublished={\url{https://github.com/JuliaPy/Conda.jl}}
}

@misc{macrotools_jl,
  title={{MacroTools.jl}: a library of tools for working with {J}ulia code and expressions},
  author={Innes, Mike and Julia Computing and contributors.},
  year={2015},
  howpublished={\url{https://github.com/FluxML/MacroTools.jl}}
}

@misc{sounddevice,
  title={{sounddevice}: {P}lay and {R}ecord {S}ound with {P}ython},
  author={Geier, Matthias},
  year={2015},
  howpublished={\url{https://github.com/spatialaudio/python-sounddevice}}
}

@misc{pynput,
  title={{pynput}},
  author={Palmer, Moses},
  year={2015},
  howpublished={\url{https://github.com/spatialaudio/python-sounddevice}}
}
